%YAML 1.1
%TAG !u! tag:unity3d.com,2011:
--- !u!1001 &100100000
Prefab:
  m_ObjectHideFlags: 1
  serializedVersion: 2
  m_Modification:
    m_TransformParent: {fileID: 0}
    m_Modifications: []
    m_RemovedComponents: []
  m_ParentPrefab: {fileID: 0}
  m_RootGameObject: {fileID: 1000010572457356}
  m_IsPrefabParent: 1
--- !u!1 &1000010572457356
GameObject:
  m_ObjectHideFlags: 0
  m_PrefabParentObject: {fileID: 0}
  m_PrefabInternal: {fileID: 100100000}
  serializedVersion: 5
  m_Component:
  - component: {fileID: 224000011235918354}
  - component: {fileID: 114000010143989006}
  m_Layer: 5
  m_Name: VideoPlayer
  m_TagString: Untagged
  m_Icon: {fileID: 0}
  m_NavMeshLayer: 0
  m_StaticEditorFlags: 0
  m_IsActive: 1
--- !u!1 &1000011263460026
GameObject:
  m_ObjectHideFlags: 0
  m_PrefabParentObject: {fileID: 0}
  m_PrefabInternal: {fileID: 100100000}
  serializedVersion: 5
  m_Component:
  - component: {fileID: 224000012125930122}
  - component: {fileID: 222000011125828632}
  - component: {fileID: 114000012239189510}
  - component: {fileID: 114389323555348256}
  - component: {fileID: 114901827915799016}
  - component: {fileID: 225657773605451574}
  m_Layer: 5
  m_Name: VideoRenderer
  m_TagString: Untagged
  m_Icon: {fileID: 0}
  m_NavMeshLayer: 0
  m_StaticEditorFlags: 0
  m_IsActive: 1
--- !u!114 &114000010143989006
MonoBehaviour:
  m_ObjectHideFlags: 1
  m_PrefabParentObject: {fileID: 0}
  m_PrefabInternal: {fileID: 100100000}
  m_GameObject: {fileID: 1000010572457356}
  m_Enabled: 1
  m_EditorHideFlags: 0
  m_Script: {fileID: 11500000, guid: f990d1422051f5e44881445f5856fb08, type: 3}
  m_Name: 
  m_EditorClassIdentifier: 
  AutoSizeOption: 2
  VideoCanvas: {fileID: 225657773605451574}
  VideoRendererComponent: {fileID: 114000012239189510}
  Loop: 1
--- !u!114 &114000012239189510
MonoBehaviour:
  m_ObjectHideFlags: 1
  m_PrefabParentObject: {fileID: 0}
  m_PrefabInternal: {fileID: 100100000}
  m_GameObject: {fileID: 1000011263460026}
  m_Enabled: 1
  m_EditorHideFlags: 0
  m_Script: {fileID: 11500000, guid: 868b1a989ab884d468c531abb73970c3, type: 3}
  m_Name: 
  m_EditorClassIdentifier: 
--- !u!114 &114389323555348256
MonoBehaviour:
  m_ObjectHideFlags: 1
  m_PrefabParentObject: {fileID: 0}
  m_PrefabInternal: {fileID: 100100000}
  m_GameObject: {fileID: 1000011263460026}
  m_Enabled: 1
  m_EditorHideFlags: 0
  m_Script: {fileID: 11500000, guid: 638c870cac4da414fba921606d504407, type: 3}
  m_Name: 
  m_EditorClassIdentifier: 
  m_VideoLocation: 2
  m_VideoPath: AVProVideoSamples/BigBuckBunny_720p30.mp4
  m_AutoOpen: 1
  m_AutoStart: 1
  m_Loop: 0
  m_Volume: 1
  m_Balance: 0
  m_Muted: 0
  m_PlaybackRate: 1
  m_Resample: 0
  m_ResampleMode: 0
  m_ResampleBufferSize: 5
  m_DebugGui: 0
  m_DebugGuiControls: 1
  m_Persistent: 0
  m_StereoPacking: 0
  m_AlphaPacking: 0
  m_DisplayDebugStereoColorTint: 0
  m_FilterMode: 1
  m_WrapMode: 1
  m_AnisoLevel: 0
  m_LoadSubtitles: 0
  m_SubtitleLocation: 2
  m_SubtitlePath: 
  m_AudioHeadTransform: {fileID: 0}
  m_AudioFocusEnabled: 0
  m_AudioFocusTransform: {fileID: 0}
  m_AudioFocusWidthDegrees: 90
  m_AudioFocusOffLevelDB: 0
  m_events:
    m_PersistentCalls:
      m_Calls: []
    m_TypeName: RenderHeads.Media.AVProVideo.MediaPlayerEvent, Assembly-CSharp, Version=0.0.0.0,
      Culture=neutral, PublicKeyToken=null
  _optionsWindows:
    overridePath: 0
    pathLocation: 2
    path: 
    videoApi: 0
    useHardwareDecoding: 1
    useUnityAudio: 0
    forceAudioResample: 1
    useTextureMips: 0
    hintAlphaChannel: 0
    useLowLatency: 0
    forceAudioOutputDeviceName: 
    preferredFilters: []
    enableAudio360: 0
    audio360ChannelMode: 0
  _optionsMacOSX:
    overridePath: 0
    pathLocation: 2
    path: 
    httpHeaderJson: 
  _optionsIOS:
    overridePath: 0
    pathLocation: 2
    path: 
    useYpCbCr420Textures: 1
    httpHeaderJson: 
  _optionsTVOS:
    overridePath: 0
    pathLocation: 2
    path: 
    useYpCbCr420Textures: 1
    httpHeaderJson: 
  _optionsAndroid:
    overridePath: 0
    pathLocation: 2
    path: 
    videoApi: 1
    useFastOesPath: 0
    showPosterFrame: 0
    enableAudio360: 0
    audio360ChannelMode: 0
    httpHeaderJson: 
    fileOffset: 0
  _optionsWindowsPhone:
    overridePath: 0
    pathLocation: 2
    path: 
    useHardwareDecoding: 1
    useUnityAudio: 0
    forceAudioResample: 1
    useTextureMips: 0
    useLowLatency: 0
  _optionsWindowsUWP:
    overridePath: 0
    pathLocation: 2
    path: 
    useHardwareDecoding: 1
    useUnityAudio: 0
    forceAudioResample: 1
    useTextureMips: 0
    useLowLatency: 0
  _optionsWebGL:
    overridePath: 0
    pathLocation: 2
    path: 
  _optionsPS4:
    overridePath: 0
    pathLocation: 2
    path: 
--- !u!114 &114901827915799016
MonoBehaviour:
  m_ObjectHideFlags: 1
  m_PrefabParentObject: {fileID: 0}
  m_PrefabInternal: {fileID: 100100000}
  m_GameObject: {fileID: 1000011263460026}
  m_Enabled: 1
  m_EditorHideFlags: 0
  m_Script: {fileID: 11500000, guid: 0f17cdc186456a4469a139a104d2ca72, type: 3}
  m_Name: 
  m_EditorClassIdentifier: 
  m_Material: {fileID: 0}
  m_Color: {r: 1, g: 1, b: 1, a: 1}
  m_RaycastTarget: 1
  m_OnCullStateChanged:
    m_PersistentCalls:
      m_Calls: []
    m_TypeName: UnityEngine.UI.MaskableGraphic+CullStateChangedEvent, UnityEngine.UI,
      Version=1.0.0.0, Culture=neutral, PublicKeyToken=null
  _mediaPlayer: {fileID: 114389323555348256}
  m_UVRect:
    serializedVersion: 2
    x: 0
    y: 0
    width: 1
    height: 1
  _setNativeSize: 0
  _scaleMode: 2
  _noDefaultDisplay: 0
  _displayInEditor: 1
  _defaultTexture: {fileID: 0}
--- !u!222 &222000011125828632
CanvasRenderer:
  m_ObjectHideFlags: 1
  m_PrefabParentObject: {fileID: 0}
  m_PrefabInternal: {fileID: 100100000}
  m_GameObject: {fileID: 1000011263460026}
--- !u!224 &224000011235918354
RectTransform:
  m_ObjectHideFlags: 1
  m_PrefabParentObject: {fileID: 0}
  m_PrefabInternal: {fileID: 100100000}
  m_GameObject: {fileID: 1000010572457356}
  m_LocalRotation: {x: -0, y: -0, z: -0, w: 1}
  m_LocalPosition: {x: 0, y: 0, z: 0}
  m_LocalScale: {x: 1, y: 1, z: 1}
  m_Children:
  - {fileID: 224000012125930122}
  m_Father: {fileID: 0}
  m_RootOrder: 0
  m_LocalEulerAnglesHint: {x: 0, y: 0, z: 0}
  m_AnchorMin: {x: 0, y: 0}
  m_AnchorMax: {x: 1, y: 1}
  m_AnchoredPosition: {x: 0, y: 0}
  m_SizeDelta: {x: 0, y: 0}
  m_Pivot: {x: 0.5, y: 0.5}
--- !u!224 &224000012125930122
RectTransform:
  m_ObjectHideFlags: 1
  m_PrefabParentObject: {fileID: 0}
  m_PrefabInternal: {fileID: 100100000}
  m_GameObject: {fileID: 1000011263460026}
  m_LocalRotation: {x: -0, y: -0, z: -0, w: 1}
  m_LocalPosition: {x: 0, y: 0, z: 0}
  m_LocalScale: {x: 1, y: 1, z: 1}
  m_Children: []
  m_Father: {fileID: 224000011235918354}
  m_RootOrder: 0
  m_LocalEulerAnglesHint: {x: 0, y: 0, z: 0}
  m_AnchorMin: {x: 0, y: 0}
  m_AnchorMax: {x: 1, y: 1}
  m_AnchoredPosition: {x: 0, y: 0}
  m_SizeDelta: {x: 0, y: 0}
  m_Pivot: {x: 0.5, y: 0.5}
--- !u!225 &225657773605451574
CanvasGroup:
  m_ObjectHideFlags: 1
  m_PrefabParentObject: {fileID: 0}
  m_PrefabInternal: {fileID: 100100000}
  m_GameObject: {fileID: 1000011263460026}
  m_Enabled: 1
  m_Alpha: 1
  m_Interactable: 1
  m_BlocksRaycasts: 1
  m_IgnoreParentGroups: 0
